<record><leader>00000cas a2200000 a 4500</leader><controlfield tag="001">12378868</controlfield><controlfield tag="008">850813d19271937ksuwr ne      0    0eng d</controlfield><datafield ind1=" " ind2=" " tag="010"><subfield code="a">sn 85029671 </subfield></datafield><datafield ind1=" " ind2=" " tag="040"><subfield code="a">KSH</subfield><subfield code="b">eng</subfield><subfield code="c">KSH</subfield><subfield code="d">NPT</subfield><subfield code="d">OCL</subfield><subfield code="d">OCLCQ</subfield></datafield><datafield ind1=" " ind2=" " tag="042"><subfield code="a">msc</subfield></datafield><datafield ind1="0" ind2=" " tag="130"><subfield code="a">Phillipsburg news (Phillipsburg, Kan. : 1927)</subfield></datafield><datafield ind1="1" ind2="0" tag="245"><subfield code="a">Phillipsburg news.</subfield></datafield><datafield ind1=" " ind2=" " tag="260"><subfield code="a">Phillipsburg, Kan. :</subfield><subfield code="b">Warren White,</subfield><subfield code="c">1927-1937.</subfield></datafield><datafield ind1=" " ind2=" " tag="300"><subfield code="a">9 v. :</subfield><subfield code="b">ill. ;</subfield><subfield code="c">54 cm.</subfield></datafield><datafield ind1=" " ind2=" " tag="310"><subfield code="a">Weekly</subfield></datafield><datafield ind1="0" ind2=" " tag="362"><subfield code="a">Vol. 28, no. 33 (Jan. 13, 1927)-v. 37, no. 47 (Mar. 18, 1937).</subfield></datafield><datafield ind1=" " ind2=" " tag="752"><subfield code="a">United States</subfield><subfield code="b">Kansas</subfield><subfield code="c">Phillips</subfield><subfield code="d">Phillipsburg.</subfield></datafield><datafield ind1="0" ind2="0" tag="780"><subfield code="t">Phillipsburg news and Phillips County post</subfield><subfield code="w">(DLC)sn 85029674</subfield></datafield><datafield ind1="0" ind2="7" tag="785"><subfield code="t">Phillips County review (Phillipsburg, Kan. : 1921)</subfield><subfield code="w">(DLC)sn 85029672</subfield></datafield><datafield ind1="0" ind2="7" tag="785"><subfield code="t">Phillips County review and the Phillipsburg news</subfield><subfield code="w">(DLC)sn 85029617</subfield></datafield></record>